@book{agresti2002,
  title={{An Introduction to Categorical Data Analysis}},
  author={Agresti, Alan},
  edition={Second},
  year={2002},
  series={Wiley Series in Probability and Statistics},
  doi={10.1002/0471249688},
  publisher={John Wiley \& Sons}
}


@article{nam1995,
  title={{Confidence limits for the ratio of two binomial proportions based on likelihood scores: non-iterative method}},
  author={Nam, Jun-Mo},
  journal={Biometrical Journal},
  volume={37},
  number={3},
  pages={375--379},
  year={1995},
  publisher={Wiley Online Library}
}